@book{Aho:2006:CPT:1177220,
	author = {Aho, Alfred V. and Lam, Monica S. and Sethi, Ravi and Ullman, Jeffrey D.},
	title = {Compilers: Principles, Techniques, and Tools (2nd Edition)},
	year = {2006},
	isbn = {0321486811},
	publisher = {Addison-Wesley Longman Publishing Co., Inc.},
	address = {Boston, MA, USA},
}

@manual{Son:TA_Session,
	author = {Kyuho Son},
	title = {Term Project: TA Session},
	organization = {KAIST},
	month = {October},
	year = {2019},
}

@manual{Son:Final_Presentation,
	author = {Kyuho Son},
	title = {Term Project: Final Presentation},
	organization = {KAIST},
	month = {December},
	year = {2019},
}

@manual{Son:Internal_Datat_Structure,
	author = {Kyuho Son},
	title = {Term Project: Internal Data Structure},
	organization = {KAIST},
	month = {November},
	year = {2019},
}

@manual{Son:Interpreter_Implementation,
	author = {Kyuho Son},
	title = {Term Project: Interpreter Implementation},
	organization = {KAIST},
	month = {October},
	year = {2019},
}

@manual{Son:OF1,
	author = {Kyuho Son},
	title = {Term Project: Optional Feature 1. Memory Management},
	organization = {KAIST},
	month = {October},
	year = {2019},
}

@manual{Son:OF2,
	author = {Kyuho Son},
	title = {Term Project: Optional Feature 2. Recursive Function Call},
	organization = {KAIST},
	month = {October},
	year = {2019},
}

@manual{Son:OF3,
	author = {Kyuho Son},
	title = {Term Project: Optional Feature 3. Code Generation},
	organization = {KAIST},
	month = {October},
	year = {2019},
}

@manual{Son:OF4,
	author = {Kyuho Son},
	title = {Term Project: Optional Feature 4. Code Optimization},
	organization = {KAIST},
	month = {October},
	year = {2019},
}

@manual{Son:OF5,
	author = {Kyuho Son},
	title = {Term Project: Optional Feature 5. Compile Error Handling},
	organization = {KAIST},
	month = {October},
	year = {2019},
}

@manual{Son:Presentation_on_the_Plan,
	author = {Kyuho Son},
	title = {Term Project: Presentation on the Plan},
	organization = {KAIST},
	month = {October},
	year = {2019},
}

@manual{Team12:MP,
	author = {Jaeseong Choe and Kee Tack Kim and Taeyoung Kim and Youngrae Kim and Seokbin Lee},
	title = {Team 12, CS420 Term Project (Management Plan)},
	organization = {KAIST},
	month = {October},
	year = {2019},
}

@manual{Team12:IDS,
	author = {Jaeseong Choe and Kee Tack Kim and Taeyoung Kim and Youngrae Kim and Seokbin Lee},
	title = {Team 12, Internal Data Structure},
	organization = {KAIST},
	month = {November},
	year = {2019},
}

@manual{Team12:FP,
	author = {Jaeseong Choe and Kee Tack Kim and Taeyoung Kim and Youngrae Kim and Seokbin Lee},
	title = {Team 12, CS420 Term Project (Final Presentation)},
	organization = {KAIST},
	month = {December},
	year = {2019},
}